@misc{driessen_2010, 
    title={A successful Git branching model}, url={https://nvie.com/posts/a-successful-git-branching-model/}, journal={nvie.com}, 
    author={Driessen, Vincent}, 
    year={2010}, 
    month={Jan},
    note = "Accessed on 2020-01-28"
}

@misc{van_rossum_2013, 
    title={PEP 8 -- Style Guide for Python Code}, url={https://www.python.org/dev/peps/pep-0008/}, 
    journal={Python.org}, 
    author={Van Rossum, Guido}, 
    year={2013}, 
    month={Aug},
    note = "Accessed on 2020-01-28"
}