@misc{robertson_robertson, 
    title={Volere Requirements Specification Template}, url={https://www.volere.org/templates/volere-requirements-specification-template/}, journal={Volere}, 
    publisher={Volere}, 
    author={Robertson, James and Robertson, Suzanne}
}

@misc{fayrose_2019, 
    title={fayrose/Scrabble}, url={https://github.com/fayrose/Scrabble/blob/master/scrabble.py}, 
    journal={GitHub}, 
    author={Fayrose}, 
    year={2019}, 
    month={Dec}
}