@misc{robertson_robertson, 
    title={Volere Requirements Specification Template}, url={https://www.volere.org/templates/volere-requirements-specification-template/}, journal={Volere}, 
    publisher={Volere}, 
    author={Robertson, James and Robertson, Suzanne}
}

@misc{fayrose_2019, 
    title={fayrose/Scrabble}, url={https://github.com/fayrose/Scrabble/blob/master/scrabble.py}, 
    journal={GitHub}, 
    author={Fayrose}, 
    year={2019}, 
    month={Dec}}
    
@misc{canadian_paediatric, 
    title={Screen time and young children: Promoting health and development in a digital world: Canadian Paediatric Society}, url={https://www.cps.ca/en/documents/position/screen-time-and-young-children}, 
    journal={Screen time and young children: Promoting health and development in a digital worldScreen time and young children: Promoting health and development in a digital world | Canadian Paediatric Society}, author={Canadian Paediatric Society}, 
    year={2017}, 
    month={Nov}}